{
    "symbol": "ACLS",
    "annualReports": [
        {
            "fiscalDateEnding": "2022-12-31",
            "reportedCurrency": "USD",
            "grossProfit": "401790000",
            "totalRevenue": "919998000",
            "costOfRevenue": "518208000",
            "costofGoodsAndServicesSold": "518208000",
            "operatingIncome": "212361000",
            "sellingGeneralAndAdministrative": "111073000",
            "researchAndDevelopment": "78356000",
            "operatingExpenses": "189429000",
            "investmentIncomeNet": "4551000",
            "netInterestIncome": "-5576000",
            "interestIncome": "1025000",
            "interestExpense": "5576000",
            "nonInterestIncome": "914012000",
            "otherNonOperatingIncome": "-6451000",
            "depreciation": "5100000",
            "depreciationAndAmortization": "1296000",
            "incomeBeforeTax": "204885000",
            "incomeTaxExpense": "21806000",
            "interestAndDebtExpense": "5576000",
            "netIncomeFromContinuingOperations": "183079000",
            "comprehensiveIncomeNetOfTax": "179346000",
            "ebit": "212361000",
            "ebitda": "211757000",
            "netIncome": "183079000"
        },
        {
            "fiscalDateEnding": "2021-12-31",
            "reportedCurrency": "USD",
            "grossProfit": "286445000",
            "totalRevenue": "662428000",
            "costOfRevenue": "375983000",
            "costofGoodsAndServicesSold": "375983000",
            "operatingIncome": "127325000",
            "sellingGeneralAndAdministrative": "93689000",
            "researchAndDevelopment": "65431000",
            "operatingExpenses": "159120000",
            "investmentIncomeNet": "209000",
            "netInterestIncome": "-4835000",
            "interestIncome": "209000",
            "interestExpense": "4835000",
            "nonInterestIncome": "659928000",
            "otherNonOperatingIncome": "-2271000",
            "depreciation": "4200000",
            "depreciationAndAmortization": "1306000",
            "incomeBeforeTax": "120428000",
            "incomeTaxExpense": "21778000",
            "interestAndDebtExpense": "4835000",
            "netIncomeFromContinuingOperations": "98650000",
            "comprehensiveIncomeNetOfTax": "96980000",
            "ebit": "127325000",
            "ebitda": "126569000",
            "netIncome": "98650000"
        },
        {
            "fiscalDateEnding": "2020-12-31",
            "reportedCurrency": "USD",
            "grossProfit": "198584000",
            "totalRevenue": "474560000",
            "costOfRevenue": "275976000",
            "costofGoodsAndServicesSold": "275976000",
            "operatingIncome": "58041000",
            "sellingGeneralAndAdministrative": "78710000",
            "researchAndDevelopment": "61833000",
            "operatingExpenses": "140543000",
            "investmentIncomeNet": "738000",
            "netInterestIncome": "-5211000",
            "interestIncome": "738000",
            "interestExpense": "5211000",
            "nonInterestIncome": "476128000",
            "otherNonOperatingIncome": "2318000",
            "depreciation": "3400000",
            "depreciationAndAmortization": "1336000",
            "incomeBeforeTax": "55886000",
            "incomeTaxExpense": "5904000",
            "interestAndDebtExpense": "5211000",
            "netIncomeFromContinuingOperations": "49982000",
            "comprehensiveIncomeNetOfTax": "53675000",
            "ebit": "58041000",
            "ebitda": "62433000",
            "netIncome": "49982000"
        },
        {
            "fiscalDateEnding": "2019-12-31",
            "reportedCurrency": "USD",
            "grossProfit": "144152000",
            "totalRevenue": "342958000",
            "costOfRevenue": "198806000",
            "costofGoodsAndServicesSold": "198806000",
            "operatingIncome": "24205000",
            "sellingGeneralAndAdministrative": "66016000",
            "researchAndDevelopment": "53931000",
            "operatingExpenses": "119947000",
            "investmentIncomeNet": "2955000",
            "netInterestIncome": "-5155000",
            "interestIncome": "2955000",
            "interestExpense": "5155000",
            "nonInterestIncome": "343558000",
            "otherNonOperatingIncome": "-1083000",
            "depreciation": "2600000",
            "depreciationAndAmortization": "1348000",
            "incomeBeforeTax": "20922000",
            "incomeTaxExpense": "3888000",
            "interestAndDebtExpense": "5155000",
            "netIncomeFromContinuingOperations": "17034000",
            "comprehensiveIncomeNetOfTax": "16328000",
            "ebit": "24205000",
            "ebitda": "27425000",
            "netIncome": "17034000"
        },
        {
            "fiscalDateEnding": "2018-12-31",
            "reportedCurrency": "USD",
            "grossProfit": "179636000",
            "totalRevenue": "442575000",
            "costOfRevenue": "262939000",
            "costofGoodsAndServicesSold": "262939000",
            "operatingIncome": "59959000",
            "sellingGeneralAndAdministrative": "67801000",
            "researchAndDevelopment": "51876000",
            "operatingExpenses": "119677000",
            "investmentIncomeNet": "2328000",
            "netInterestIncome": "-5110000",
            "interestIncome": "2328000",
            "interestExpense": "5110000",
            "nonInterestIncome": "443875000",
            "otherNonOperatingIncome": "-2472000",
            "depreciation": "3200000",
            "depreciationAndAmortization": "5772000",
            "incomeBeforeTax": "54705000",
            "incomeTaxExpense": "8820000",
            "interestAndDebtExpense": "5110000",
            "netIncomeFromContinuingOperations": "45885000",
            "comprehensiveIncomeNetOfTax": "44157000",
            "ebit": "59959000",
            "ebitda": "65587000",
            "netIncome": "45885000"
        }
    ],
    "quarterlyReports": [
        {
            "fiscalDateEnding": "2022-12-31",
            "reportedCurrency": "USD",
            "grossProfit": "109521000",
            "totalRevenue": "266051000",
            "costOfRevenue": "156530000",
            "costofGoodsAndServicesSold": "156530000",
            "operatingIncome": "56089000",
            "sellingGeneralAndAdministrative": "31343000",
            "researchAndDevelopment": "22089000",
            "operatingExpenses": "53432000",
            "investmentIncomeNet": "2993000",
            "netInterestIncome": "-1475000",
            "interestIncome": "1518000",
            "interestExpense": "1475000",
            "nonInterestIncome": "260065000",
            "otherNonOperatingIncome": "8189000",
            "depreciation": "None",
            "depreciationAndAmortization": "323000",
            "incomeBeforeTax": "65796000",
            "incomeTaxExpense": "8804000",
            "interestAndDebtExpense": "1475000",
            "netIncomeFromContinuingOperations": "56992000",
            "comprehensiveIncomeNetOfTax": "60795000",
            "ebit": "56089000",
            "ebitda": "67594000",
            "netIncome": "56992000"
        },
        {
            "fiscalDateEnding": "2022-09-30",
            "reportedCurrency": "USD",
            "grossProfit": "103321000",
            "totalRevenue": "229175000",
            "costOfRevenue": "125854000",
            "costofGoodsAndServicesSold": "125854000",
            "operatingIncome": "53202000",
            "sellingGeneralAndAdministrative": "29556000",
            "researchAndDevelopment": "20563000",
            "operatingExpenses": "50119000",
            "investmentIncomeNet": "1111000",
            "netInterestIncome": "-1333000",
            "interestIncome": "1111000",
            "interestExpense": "1333000",
            "nonInterestIncome": "229175000",
            "otherNonOperatingIncome": "-7971000",
            "depreciation": "None",
            "depreciationAndAmortization": "325000",
            "incomeBeforeTax": "45009000",
            "incomeTaxExpense": "4726000",
            "interestAndDebtExpense": "1333000",
            "netIncomeFromContinuingOperations": "40283000",
            "comprehensiveIncomeNetOfTax": "36601000",
            "ebit": "53202000",
            "ebitda": "46667000",
            "netIncome": "40283000"
        },
        {
            "fiscalDateEnding": "2022-06-30",
            "reportedCurrency": "USD",
            "grossProfit": "99181000",
            "totalRevenue": "221177000",
            "costOfRevenue": "121996000",
            "costofGoodsAndServicesSold": "121996000",
            "operatingIncome": "54145000",
            "sellingGeneralAndAdministrative": "26305000",
            "researchAndDevelopment": "18731000",
            "operatingExpenses": "45036000",
            "investmentIncomeNet": "352000",
            "netInterestIncome": "-1250000",
            "interestIncome": "352000",
            "interestExpense": "1250000",
            "nonInterestIncome": "221177000",
            "otherNonOperatingIncome": "-5051000",
            "depreciation": "None",
            "depreciationAndAmortization": "325000",
            "incomeBeforeTax": "48196000",
            "incomeTaxExpense": "4007000",
            "interestAndDebtExpense": "1250000",
            "netIncomeFromContinuingOperations": "44189000",
            "comprehensiveIncomeNetOfTax": "41512000",
            "ebit": "54145000",
            "ebitda": "49771000",
            "netIncome": "44189000"
        },
        {
            "fiscalDateEnding": "2022-03-31",
            "reportedCurrency": "USD",
            "grossProfit": "89766000",
            "totalRevenue": "203595000",
            "costOfRevenue": "113829000",
            "costofGoodsAndServicesSold": "113829000",
            "operatingIncome": "48923000",
            "sellingGeneralAndAdministrative": "23870000",
            "researchAndDevelopment": "16973000",
            "operatingExpenses": "40843000",
            "investmentIncomeNet": "95000",
            "netInterestIncome": "-1518000",
            "interestIncome": "95000",
            "interestExpense": "1518000",
            "nonInterestIncome": "203595000",
            "otherNonOperatingIncome": "-1617000",
            "depreciation": "None",
            "depreciationAndAmortization": "324000",
            "incomeBeforeTax": "45883000",
            "incomeTaxExpense": "4269000",
            "interestAndDebtExpense": "1518000",
            "netIncomeFromContinuingOperations": "41614000",
            "comprehensiveIncomeNetOfTax": "40437000",
            "ebit": "48923000",
            "ebitda": "47725000",
            "netIncome": "41614000"
        },
        {
            "fiscalDateEnding": "2021-12-31",
            "reportedCurrency": "USD",
            "grossProfit": "89484000",
            "totalRevenue": "205684000",
            "costOfRevenue": "116200000",
            "costofGoodsAndServicesSold": "116200000",
            "operatingIncome": "46584000",
            "sellingGeneralAndAdministrative": "26484000",
            "researchAndDevelopment": "16416000",
            "operatingExpenses": "42900000",
            "investmentIncomeNet": "85000",
            "netInterestIncome": "-1263000",
            "interestIncome": "85000",
            "interestExpense": "1263000",
            "nonInterestIncome": "203184000",
            "otherNonOperatingIncome": "-140000",
            "depreciation": "None",
            "depreciationAndAmortization": "325000",
            "incomeBeforeTax": "45266000",
            "incomeTaxExpense": "9517000",
            "interestAndDebtExpense": "1263000",
            "netIncomeFromContinuingOperations": "35749000",
            "comprehensiveIncomeNetOfTax": "35764000",
            "ebit": "46584000",
            "ebitda": "46854000",
            "netIncome": "35749000"
        },
        {
            "fiscalDateEnding": "2021-09-30",
            "reportedCurrency": "USD",
            "grossProfit": "76512000",
            "totalRevenue": "176694000",
            "costOfRevenue": "100182000",
            "costofGoodsAndServicesSold": "100182000",
            "operatingIncome": "36394000",
            "sellingGeneralAndAdministrative": "23411000",
            "researchAndDevelopment": "16707000",
            "operatingExpenses": "40118000",
            "investmentIncomeNet": "51000",
            "netInterestIncome": "-1269000",
            "interestIncome": "51000",
            "interestExpense": "1269000",
            "nonInterestIncome": "176694000",
            "otherNonOperatingIncome": "-963000",
            "depreciation": "None",
            "depreciationAndAmortization": "326000",
            "incomeBeforeTax": "34211000",
            "incomeTaxExpense": "6698000",
            "interestAndDebtExpense": "1269000",
            "netIncomeFromContinuingOperations": "27513000",
            "comprehensiveIncomeNetOfTax": "26596000",
            "ebit": "36394000",
            "ebitda": "35806000",
            "netIncome": "27513000"
        },
        {
            "fiscalDateEnding": "2021-06-30",
            "reportedCurrency": "USD",
            "grossProfit": "64014000",
            "totalRevenue": "147274000",
            "costOfRevenue": "83260000",
            "costofGoodsAndServicesSold": "83260000",
            "operatingIncome": "23997000",
            "sellingGeneralAndAdministrative": "23394000",
            "researchAndDevelopment": "16623000",
            "operatingExpenses": "40017000",
            "investmentIncomeNet": "40000",
            "netInterestIncome": "-1274000",
            "interestIncome": "40000",
            "interestExpense": "1274000",
            "nonInterestIncome": "147274000",
            "otherNonOperatingIncome": "-15000",
            "depreciation": "None",
            "depreciationAndAmortization": "328000",
            "incomeBeforeTax": "22748000",
            "incomeTaxExpense": "3842000",
            "interestAndDebtExpense": "1274000",
            "netIncomeFromContinuingOperations": "18906000",
            "comprehensiveIncomeNetOfTax": "19492000",
            "ebit": "23997000",
            "ebitda": "24350000",
            "netIncome": "18906000"
        },
        {
            "fiscalDateEnding": "2021-03-31",
            "reportedCurrency": "USD",
            "grossProfit": "56435000",
            "totalRevenue": "132776000",
            "costOfRevenue": "76341000",
            "costofGoodsAndServicesSold": "76341000",
            "operatingIncome": "20350000",
            "sellingGeneralAndAdministrative": "20400000",
            "researchAndDevelopment": "15685000",
            "operatingExpenses": "36085000",
            "investmentIncomeNet": "33000",
            "netInterestIncome": "-1029000",
            "interestIncome": "33000",
            "interestExpense": "1029000",
            "nonInterestIncome": "132776000",
            "otherNonOperatingIncome": "-1153000",
            "depreciation": "None",
            "depreciationAndAmortization": "328000",
            "incomeBeforeTax": "18180000",
            "incomeTaxExpense": "1700000",
            "interestAndDebtExpense": "1029000",
            "netIncomeFromContinuingOperations": "16480000",
            "comprehensiveIncomeNetOfTax": "15128000",
            "ebit": "20350000",
            "ebitda": "19537000",
            "netIncome": "16480000"
        },
        {
            "fiscalDateEnding": "2020-12-31",
            "reportedCurrency": "USD",
            "grossProfit": "52975000",
            "totalRevenue": "122199000",
            "costOfRevenue": "69224000",
            "costofGoodsAndServicesSold": "69224000",
            "operatingIncome": "14075000",
            "sellingGeneralAndAdministrative": "22580000",
            "researchAndDevelopment": "16320000",
            "operatingExpenses": "38900000",
            "investmentIncomeNet": "80000",
            "netInterestIncome": "-1313000",
            "interestIncome": "80000",
            "interestExpense": "1313000",
            "nonInterestIncome": "123767000",
            "otherNonOperatingIncome": "1617000",
            "depreciation": "None",
            "depreciationAndAmortization": "327000",
            "incomeBeforeTax": "14459000",
            "incomeTaxExpense": "-215000",
            "interestAndDebtExpense": "1313000",
            "netIncomeFromContinuingOperations": "14674000",
            "comprehensiveIncomeNetOfTax": "17031000",
            "ebit": "14075000",
            "ebitda": "16099000",
            "netIncome": "14674000"
        },
        {
            "fiscalDateEnding": "2020-09-30",
            "reportedCurrency": "USD",
            "grossProfit": "48161000",
            "totalRevenue": "110405000",
            "costOfRevenue": "62244000",
            "costofGoodsAndServicesSold": "62244000",
            "operatingIncome": "13882000",
            "sellingGeneralAndAdministrative": "19412000",
            "researchAndDevelopment": "14867000",
            "operatingExpenses": "34279000",
            "investmentIncomeNet": "106000",
            "netInterestIncome": "-1296000",
            "interestIncome": "106000",
            "interestExpense": "1296000",
            "nonInterestIncome": "110405000",
            "otherNonOperatingIncome": "900000",
            "depreciation": "None",
            "depreciationAndAmortization": "328000",
            "incomeBeforeTax": "13585000",
            "incomeTaxExpense": "2800000",
            "interestAndDebtExpense": "1296000",
            "netIncomeFromContinuingOperations": "10785000",
            "comprehensiveIncomeNetOfTax": "12283000",
            "ebit": "13882000",
            "ebitda": "15209000",
            "netIncome": "10785000"
        },
        {
            "fiscalDateEnding": "2020-06-30",
            "reportedCurrency": "USD",
            "grossProfit": "51899000",
            "totalRevenue": "122965000",
            "costOfRevenue": "71066000",
            "costofGoodsAndServicesSold": "71066000",
            "operatingIncome": "16381000",
            "sellingGeneralAndAdministrative": "19478000",
            "researchAndDevelopment": "16040000",
            "operatingExpenses": "35518000",
            "investmentIncomeNet": "70000",
            "netInterestIncome": "-1299000",
            "interestIncome": "70000",
            "interestExpense": "1299000",
            "nonInterestIncome": "122965000",
            "otherNonOperatingIncome": "421000",
            "depreciation": "None",
            "depreciationAndAmortization": "328000",
            "incomeBeforeTax": "15544000",
            "incomeTaxExpense": "2271000",
            "interestAndDebtExpense": "1299000",
            "netIncomeFromContinuingOperations": "13273000",
            "comprehensiveIncomeNetOfTax": "14195000",
            "ebit": "16381000",
            "ebitda": "17171000",
            "netIncome": "13273000"
        },
        {
            "fiscalDateEnding": "2020-03-31",
            "reportedCurrency": "USD",
            "grossProfit": "45549000",
            "totalRevenue": "118991000",
            "costOfRevenue": "73442000",
            "costofGoodsAndServicesSold": "73442000",
            "operatingIncome": "13703000",
            "sellingGeneralAndAdministrative": "17240000",
            "researchAndDevelopment": "14606000",
            "operatingExpenses": "31846000",
            "investmentIncomeNet": "482000",
            "netInterestIncome": "-1303000",
            "interestIncome": "482000",
            "interestExpense": "1303000",
            "nonInterestIncome": "118991000",
            "otherNonOperatingIncome": "-620000",
            "depreciation": "None",
            "depreciationAndAmortization": "353000",
            "incomeBeforeTax": "12262000",
            "incomeTaxExpense": "1041000",
            "interestAndDebtExpense": "1303000",
            "netIncomeFromContinuingOperations": "11221000",
            "comprehensiveIncomeNetOfTax": "10166000",
            "ebit": "13703000",
            "ebitda": "13918000",
            "netIncome": "11221000"
        },
        {
            "fiscalDateEnding": "2019-12-31",
            "reportedCurrency": "USD",
            "grossProfit": "44316000",
            "totalRevenue": "107723000",
            "costOfRevenue": "63407000",
            "costofGoodsAndServicesSold": "63407000",
            "operatingIncome": "13212000",
            "sellingGeneralAndAdministrative": "17508000",
            "researchAndDevelopment": "13596000",
            "operatingExpenses": "31104000",
            "investmentIncomeNet": "582000",
            "netInterestIncome": "-1306000",
            "interestIncome": "582000",
            "interestExpense": "1306000",
            "nonInterestIncome": "108323000",
            "otherNonOperatingIncome": "169000",
            "depreciation": "None",
            "depreciationAndAmortization": "351000",
            "incomeBeforeTax": "47261000",
            "incomeTaxExpense": "2945000",
            "interestAndDebtExpense": "1306000",
            "netIncomeFromContinuingOperations": "44316000",
            "comprehensiveIncomeNetOfTax": "10764000",
            "ebit": "13212000",
            "ebitda": "48918000",
            "netIncome": "44316000"
        },
        {
            "fiscalDateEnding": "2019-09-30",
            "reportedCurrency": "USD",
            "grossProfit": "30581000",
            "totalRevenue": "69453000",
            "costOfRevenue": "38872000",
            "costofGoodsAndServicesSold": "38872000",
            "operatingIncome": "1887000",
            "sellingGeneralAndAdministrative": "15764000",
            "researchAndDevelopment": "12930000",
            "operatingExpenses": "28694000",
            "investmentIncomeNet": "687000",
            "netInterestIncome": "-1308000",
            "interestIncome": "687000",
            "interestExpense": "1308000",
            "nonInterestIncome": "69453000",
            "otherNonOperatingIncome": "-890000",
            "depreciation": "None",
            "depreciationAndAmortization": "332000",
            "incomeBeforeTax": "376000",
            "incomeTaxExpense": "-328000",
            "interestAndDebtExpense": "1308000",
            "netIncomeFromContinuingOperations": "704000",
            "comprehensiveIncomeNetOfTax": "-399000",
            "ebit": "1887000",
            "ebitda": "2016000",
            "netIncome": "704000"
        },
        {
            "fiscalDateEnding": "2019-06-30",
            "reportedCurrency": "USD",
            "grossProfit": "31749000",
            "totalRevenue": "74305000",
            "costOfRevenue": "42556000",
            "costofGoodsAndServicesSold": "42556000",
            "operatingIncome": "2010000",
            "sellingGeneralAndAdministrative": "16019000",
            "researchAndDevelopment": "13720000",
            "operatingExpenses": "29739000",
            "investmentIncomeNet": "845000",
            "netInterestIncome": "-1311000",
            "interestIncome": "845000",
            "interestExpense": "1311000",
            "nonInterestIncome": "74305000",
            "otherNonOperatingIncome": "-189000",
            "depreciation": "None",
            "depreciationAndAmortization": "332000",
            "incomeBeforeTax": "1356000",
            "incomeTaxExpense": "800000",
            "interestAndDebtExpense": "1311000",
            "netIncomeFromContinuingOperations": "556000",
            "comprehensiveIncomeNetOfTax": "366000",
            "ebit": "2010000",
            "ebitda": "2999000",
            "netIncome": "556000"
        },
        {
            "fiscalDateEnding": "2019-03-31",
            "reportedCurrency": "USD",
            "grossProfit": "37506000",
            "totalRevenue": "91477000",
            "costOfRevenue": "53971000",
            "costofGoodsAndServicesSold": "53971000",
            "operatingIncome": "7096000",
            "sellingGeneralAndAdministrative": "16725000",
            "researchAndDevelopment": "13685000",
            "operatingExpenses": "30410000",
            "investmentIncomeNet": "841000",
            "netInterestIncome": "-1230000",
            "interestIncome": "389000",
            "interestExpense": "1230000",
            "nonInterestIncome": "91477000",
            "otherNonOperatingIncome": "-173000",
            "depreciation": "None",
            "depreciationAndAmortization": "333000",
            "incomeBeforeTax": "6534000",
            "incomeTaxExpense": "472000",
            "interestAndDebtExpense": "1230000",
            "netIncomeFromContinuingOperations": "6062000",
            "comprehensiveIncomeNetOfTax": "5597000",
            "ebit": "7096000",
            "ebitda": "8097000",
            "netIncome": "6062000"
        },
        {
            "fiscalDateEnding": "2018-12-31",
            "reportedCurrency": "USD",
            "grossProfit": "43567000",
            "totalRevenue": "105683000",
            "costOfRevenue": "62116000",
            "costofGoodsAndServicesSold": "62116000",
            "operatingIncome": "11522000",
            "sellingGeneralAndAdministrative": "17800000",
            "researchAndDevelopment": "14245000",
            "operatingExpenses": "32045000",
            "investmentIncomeNet": "810000",
            "netInterestIncome": "-1323000",
            "interestIncome": "None",
            "interestExpense": "1323000",
            "nonInterestIncome": "106983000",
            "otherNonOperatingIncome": "-762000",
            "depreciation": "None",
            "depreciationAndAmortization": "1564000",
            "incomeBeforeTax": "45351000",
            "incomeTaxExpense": "1784000",
            "interestAndDebtExpense": "1323000",
            "netIncomeFromContinuingOperations": "43567000",
            "comprehensiveIncomeNetOfTax": "8229000",
            "ebit": "11522000",
            "ebitda": "13134000",
            "netIncome": "43567000"
        },
        {
            "fiscalDateEnding": "2018-09-30",
            "reportedCurrency": "USD",
            "grossProfit": "39913000",
            "totalRevenue": "95374000",
            "costOfRevenue": "55461000",
            "costofGoodsAndServicesSold": "55461000",
            "operatingIncome": "10668000",
            "sellingGeneralAndAdministrative": "16400000",
            "researchAndDevelopment": "12845000",
            "operatingExpenses": "29245000",
            "investmentIncomeNet": "593000",
            "netInterestIncome": "-1323000",
            "interestIncome": "None",
            "interestExpense": "1323000",
            "nonInterestIncome": "95374000",
            "otherNonOperatingIncome": "-592000",
            "depreciation": "None",
            "depreciationAndAmortization": "1432000",
            "incomeBeforeTax": "9346000",
            "incomeTaxExpense": "508000",
            "interestAndDebtExpense": "1323000",
            "netIncomeFromContinuingOperations": "8838000",
            "comprehensiveIncomeNetOfTax": "8584000",
            "ebit": "10668000",
            "ebitda": "12101000",
            "netIncome": "8838000"
        },
        {
            "fiscalDateEnding": "2018-06-30",
            "reportedCurrency": "USD",
            "grossProfit": "49000000",
            "totalRevenue": "119333000",
            "costOfRevenue": "70333000",
            "costofGoodsAndServicesSold": "70333000",
            "operatingIncome": "19267000",
            "sellingGeneralAndAdministrative": "17180000",
            "researchAndDevelopment": "12553000",
            "operatingExpenses": "29733000",
            "investmentIncomeNet": "515000",
            "netInterestIncome": "-1127000",
            "interestIncome": "None",
            "interestExpense": "1127000",
            "nonInterestIncome": "119333000",
            "otherNonOperatingIncome": "-1016000",
            "depreciation": "None",
            "depreciationAndAmortization": "1328000",
            "incomeBeforeTax": "17639000",
            "incomeTaxExpense": "2970000",
            "interestAndDebtExpense": "1127000",
            "netIncomeFromContinuingOperations": "14669000",
            "comprehensiveIncomeNetOfTax": "12378000",
            "ebit": "19267000",
            "ebitda": "20094000",
            "netIncome": "14669000"
        },
        {
            "fiscalDateEnding": "2018-03-31",
            "reportedCurrency": "USD",
            "grossProfit": "47156000",
            "totalRevenue": "122185000",
            "costOfRevenue": "75029000",
            "costofGoodsAndServicesSold": "75029000",
            "operatingIncome": "18502000",
            "sellingGeneralAndAdministrative": "16421000",
            "researchAndDevelopment": "12233000",
            "operatingExpenses": "28654000",
            "investmentIncomeNet": "410000",
            "netInterestIncome": "-1337000",
            "interestIncome": "None",
            "interestExpense": "1337000",
            "nonInterestIncome": "122185000",
            "otherNonOperatingIncome": "-102000",
            "depreciation": "None",
            "depreciationAndAmortization": "1448000",
            "incomeBeforeTax": "17473000",
            "incomeTaxExpense": "3558000",
            "interestAndDebtExpense": "1337000",
            "netIncomeFromContinuingOperations": "13915000",
            "comprehensiveIncomeNetOfTax": "14966000",
            "ebit": "18502000",
            "ebitda": "20258000",
            "netIncome": "13915000"
        }
    ]
}