{
    "symbol": "CHPT",
    "annualReports": [
        {
            "fiscalDateEnding": "2023-01-31",
            "reportedCurrency": "USD",
            "grossProfit": "85933000",
            "totalRevenue": "458660000",
            "costOfRevenue": "626565000",
            "costofGoodsAndServicesSold": "382161000",
            "operatingIncome": "-341782000",
            "sellingGeneralAndAdministrative": "232758000",
            "researchAndDevelopment": "194957000",
            "operatingExpenses": "427715000",
            "investmentIncomeNet": "5534000",
            "netInterestIncome": "-9434000",
            "interestIncome": "None",
            "interestExpense": "9434000",
            "nonInterestIncome": "468094000",
            "otherNonOperatingIncome": "-1569000",
            "depreciation": "13404000",
            "depreciationAndAmortization": "11646000",
            "incomeBeforeTax": "-347275000",
            "incomeTaxExpense": "-2167000",
            "interestAndDebtExpense": "9434000",
            "netIncomeFromContinuingOperations": "-345108000",
            "comprehensiveIncomeNetOfTax": "-353273000",
            "ebit": "-337841000",
            "ebitda": "-326195000",
            "netIncome": "-345108000"
        },
        {
            "fiscalDateEnding": "2022-01-31",
            "reportedCurrency": "USD",
            "grossProfit": "53533000",
            "totalRevenue": "243947000",
            "costOfRevenue": "361403000",
            "costofGoodsAndServicesSold": "187473000",
            "operatingIncome": "-265440000",
            "sellingGeneralAndAdministrative": "173930000",
            "researchAndDevelopment": "145043000",
            "operatingExpenses": "318973000",
            "investmentIncomeNet": "98000",
            "netInterestIncome": "-1502000",
            "interestIncome": "None",
            "interestExpense": "1502000",
            "nonInterestIncome": "241006000",
            "otherNonOperatingIncome": "-2775000",
            "depreciation": "11840000",
            "depreciationAndAmortization": "4617000",
            "incomeBeforeTax": "-135171000",
            "incomeTaxExpense": "-2930000",
            "interestAndDebtExpense": "1502000",
            "netIncomeFromContinuingOperations": "-132241000",
            "comprehensiveIncomeNetOfTax": "-140615000",
            "ebit": "-133669000",
            "ebitda": "-129052000",
            "netIncome": "-132241000"
        },
        {
            "fiscalDateEnding": "2020-12-31",
            "reportedCurrency": "USD",
            "grossProfit": "-5749166",
            "totalRevenue": "146490000",
            "costOfRevenue": "5749166",
            "costofGoodsAndServicesSold": "113541000",
            "operatingIncome": "-5949166",
            "sellingGeneralAndAdministrative": "5749166",
            "researchAndDevelopment": "75017000",
            "operatingExpenses": "5759166",
            "investmentIncomeNet": "None",
            "netInterestIncome": "-2938000",
            "interestIncome": "315000",
            "interestExpense": "3253000",
            "nonInterestIncome": "None",
            "otherNonOperatingIncome": "-310330174",
            "depreciation": "None",
            "depreciationAndAmortization": "10083000",
            "incomeBeforeTax": "-4789152",
            "incomeTaxExpense": "201603",
            "interestAndDebtExpense": "None",
            "netIncomeFromContinuingOperations": "-6150769",
            "comprehensiveIncomeNetOfTax": "-6150769",
            "ebit": "-5949166",
            "ebitda": "-183490000",
            "netIncome": "-4990755"
        }
    ],
    "quarterlyReports": [
        {
            "fiscalDateEnding": "2023-01-31",
            "reportedCurrency": "USD",
            "grossProfit": "32991000",
            "totalRevenue": "149860000",
            "costOfRevenue": "187406000",
            "costofGoodsAndServicesSold": "119836000",
            "operatingIncome": "-78306000",
            "sellingGeneralAndAdministrative": "64577000",
            "researchAndDevelopment": "46720000",
            "operatingExpenses": "111297000",
            "investmentIncomeNet": "2063000",
            "netInterestIncome": "-2967000",
            "interestIncome": "None",
            "interestExpense": "2967000",
            "nonInterestIncome": "152827000",
            "otherNonOperatingIncome": "1077000",
            "depreciation": "3495000",
            "depreciationAndAmortization": "2993000",
            "incomeBeforeTax": "-78133000",
            "incomeTaxExpense": "529000",
            "interestAndDebtExpense": "2967000",
            "netIncomeFromContinuingOperations": "-78662000",
            "comprehensiveIncomeNetOfTax": "-59992000",
            "ebit": "-75166000",
            "ebitda": "-72173000",
            "netIncome": "-78662000"
        },
        {
            "fiscalDateEnding": "2022-10-31",
            "reportedCurrency": "USD",
            "grossProfit": "22681000",
            "totalRevenue": "122735000",
            "costOfRevenue": "163324000",
            "costofGoodsAndServicesSold": "102660000",
            "operatingIncome": "-83278000",
            "sellingGeneralAndAdministrative": "57827000",
            "researchAndDevelopment": "48132000",
            "operatingExpenses": "105959000",
            "investmentIncomeNet": "1905000",
            "netInterestIncome": "-2606000",
            "interestIncome": "None",
            "interestExpense": "2606000",
            "nonInterestIncome": "125341000",
            "otherNonOperatingIncome": "-943000",
            "depreciation": "3249000",
            "depreciationAndAmortization": "2837000",
            "incomeBeforeTax": "-84922000",
            "incomeTaxExpense": "-442000",
            "interestAndDebtExpense": "2606000",
            "netIncomeFromContinuingOperations": "-84480000",
            "comprehensiveIncomeNetOfTax": "-90509000",
            "ebit": "-82316000",
            "ebitda": "-79479000",
            "netIncome": "-84480000"
        },
        {
            "fiscalDateEnding": "2022-07-31",
            "reportedCurrency": "USD",
            "grossProfit": "18153000",
            "totalRevenue": "107486000",
            "costOfRevenue": "149858000",
            "costofGoodsAndServicesSold": "90139000",
            "operatingIncome": "-90370000",
            "sellingGeneralAndAdministrative": "56719000",
            "researchAndDevelopment": "51804000",
            "operatingExpenses": "108523000",
            "investmentIncomeNet": "1460000",
            "netInterestIncome": "-2928000",
            "interestIncome": "None",
            "interestExpense": "2928000",
            "nonInterestIncome": "108292000",
            "otherNonOperatingIncome": "-1254000",
            "depreciation": "3300000",
            "depreciationAndAmortization": "3000000",
            "incomeBeforeTax": "-93092000",
            "incomeTaxExpense": "-392000",
            "interestAndDebtExpense": "2928000",
            "netIncomeFromContinuingOperations": "-92700000",
            "comprehensiveIncomeNetOfTax": "-100565000",
            "ebit": "-90164000",
            "ebitda": "-87164000",
            "netIncome": "-92700000"
        },
        {
            "fiscalDateEnding": "2022-04-30",
            "reportedCurrency": "USD",
            "grossProfit": "12107000",
            "totalRevenue": "81985000",
            "costOfRevenue": "126061000",
            "costofGoodsAndServicesSold": "69526000",
            "operatingIncome": "-89830000",
            "sellingGeneralAndAdministrative": "53635000",
            "researchAndDevelopment": "48302000",
            "operatingExpenses": "101937000",
            "investmentIncomeNet": "106000",
            "netInterestIncome": "-933000",
            "interestIncome": "None",
            "interestExpense": "933000",
            "nonInterestIncome": "81633000",
            "otherNonOperatingIncome": "-447000",
            "depreciation": "3400000",
            "depreciationAndAmortization": "2900000",
            "incomeBeforeTax": "-91128000",
            "incomeTaxExpense": "-1862000",
            "interestAndDebtExpense": "933000",
            "netIncomeFromContinuingOperations": "-89266000",
            "comprehensiveIncomeNetOfTax": "-102207000",
            "ebit": "-90195000",
            "ebitda": "-87295000",
            "netIncome": "-89266000"
        },
        {
            "fiscalDateEnding": "2022-01-31",
            "reportedCurrency": "USD",
            "grossProfit": "17483000",
            "totalRevenue": "79088000",
            "costOfRevenue": "116063000",
            "costofGoodsAndServicesSold": "61858000",
            "operatingIncome": "-79230000",
            "sellingGeneralAndAdministrative": "54205000",
            "researchAndDevelopment": "42508000",
            "operatingExpenses": "96713000",
            "investmentIncomeNet": "26000",
            "netInterestIncome": "0",
            "interestIncome": "None",
            "interestExpense": "0",
            "nonInterestIncome": "79341000",
            "otherNonOperatingIncome": "-575000",
            "depreciation": "3160000",
            "depreciationAndAmortization": "3098000",
            "incomeBeforeTax": "-62868000",
            "incomeTaxExpense": "-2719000",
            "interestAndDebtExpense": "0",
            "netIncomeFromContinuingOperations": "-60149000",
            "comprehensiveIncomeNetOfTax": "-67992000",
            "ebit": "-62868000",
            "ebitda": "-59770000",
            "netIncome": "-60149000"
        },
        {
            "fiscalDateEnding": "2021-10-31",
            "reportedCurrency": "USD",
            "grossProfit": "16056000",
            "totalRevenue": "66321000",
            "costOfRevenue": "93607000",
            "costofGoodsAndServicesSold": "48978000",
            "operatingIncome": "-65324000",
            "sellingGeneralAndAdministrative": "44629000",
            "researchAndDevelopment": "36751000",
            "operatingExpenses": "81380000",
            "investmentIncomeNet": "25000",
            "netInterestIncome": "-3000",
            "interestIncome": "None",
            "interestExpense": "3000",
            "nonInterestIncome": "65034000",
            "otherNonOperatingIncome": "-2025000",
            "depreciation": "3064000",
            "depreciationAndAmortization": "1519000",
            "incomeBeforeTax": "-69756000",
            "incomeTaxExpense": "-314000",
            "interestAndDebtExpense": "3000",
            "netIncomeFromContinuingOperations": "-69442000",
            "comprehensiveIncomeNetOfTax": "-69968000",
            "ebit": "-69753000",
            "ebitda": "-68234000",
            "netIncome": "-69442000"
        },
        {
            "fiscalDateEnding": "2021-07-31",
            "reportedCurrency": "USD",
            "grossProfit": "10777000",
            "totalRevenue": "56121000",
            "costOfRevenue": "45344000",
            "costofGoodsAndServicesSold": "45344000",
            "operatingIncome": "-74288000",
            "sellingGeneralAndAdministrative": "44655000",
            "researchAndDevelopment": "40410000",
            "operatingExpenses": "85065000",
            "investmentIncomeNet": "25000",
            "netInterestIncome": "0",
            "interestIncome": "None",
            "interestExpense": "0",
            "nonInterestIncome": "56121000",
            "otherNonOperatingIncome": "-189000",
            "depreciation": "2900000",
            "depreciationAndAmortization": "430000",
            "incomeBeforeTax": "-84873000",
            "incomeTaxExpense": "65000",
            "interestAndDebtExpense": "0",
            "netIncomeFromContinuingOperations": "-84938000",
            "comprehensiveIncomeNetOfTax": "-84950000",
            "ebit": "-84873000",
            "ebitda": "-84443000",
            "netIncome": "-84938000"
        },
        {
            "fiscalDateEnding": "2021-04-30",
            "reportedCurrency": "USD",
            "grossProfit": "9217000",
            "totalRevenue": "40510000",
            "costOfRevenue": "31293000",
            "costofGoodsAndServicesSold": "31293000",
            "operatingIncome": "-46598000",
            "sellingGeneralAndAdministrative": "30441000",
            "researchAndDevelopment": "25374000",
            "operatingExpenses": "55815000",
            "investmentIncomeNet": "22000",
            "netInterestIncome": "-1499000",
            "interestIncome": "None",
            "interestExpense": "1499000",
            "nonInterestIncome": "40510000",
            "otherNonOperatingIncome": "15000",
            "depreciation": "2700000",
            "depreciationAndAmortization": "399000",
            "incomeBeforeTax": "82327000",
            "incomeTaxExpense": "38000",
            "interestAndDebtExpense": "1499000",
            "netIncomeFromContinuingOperations": "82289000",
            "comprehensiveIncomeNetOfTax": "82296000",
            "ebit": "83826000",
            "ebitda": "84225000",
            "netIncome": "82289000"
        },
        {
            "fiscalDateEnding": "2021-01-31",
            "reportedCurrency": "USD",
            "grossProfit": "56282879",
            "totalRevenue": "326117000",
            "costOfRevenue": "269834121",
            "costofGoodsAndServicesSold": "None",
            "operatingIncome": "-167312121",
            "sellingGeneralAndAdministrative": "107104121",
            "researchAndDevelopment": "None",
            "operatingExpenses": "217263121",
            "investmentIncomeNet": "None",
            "netInterestIncome": "None",
            "interestIncome": "None",
            "interestExpense": "None",
            "nonInterestIncome": "None",
            "otherNonOperatingIncome": "None",
            "depreciation": "None",
            "depreciationAndAmortization": "None",
            "incomeBeforeTax": "-256529196",
            "incomeTaxExpense": "96134",
            "interestAndDebtExpense": "None",
            "netIncomeFromContinuingOperations": "-256263231",
            "comprehensiveIncomeNetOfTax": "-255344579",
            "ebit": "-167312121",
            "ebitda": "None",
            "netIncome": "-256625330"
        },
        {
            "fiscalDateEnding": "2020-12-31",
            "reportedCurrency": "USD",
            "grossProfit": "-29794166",
            "totalRevenue": "42392000",
            "costOfRevenue": "-129949834",
            "costofGoodsAndServicesSold": "33488000",
            "operatingIncome": "79722834",
            "sellingGeneralAndAdministrative": "-49896834",
            "researchAndDevelopment": "20946000",
            "operatingExpenses": "-103957834",
            "investmentIncomeNet": "None",
            "netInterestIncome": "-793000",
            "interestIncome": "17000",
            "interestExpense": "810000",
            "nonInterestIncome": "None",
            "otherNonOperatingIncome": "None",
            "depreciation": "None",
            "depreciationAndAmortization": "2620000",
            "incomeBeforeTax": "101282848",
            "incomeTaxExpense": "-1397",
            "interestAndDebtExpense": "None",
            "netIncomeFromContinuingOperations": "100124231",
            "comprehensiveIncomeNetOfTax": "100133231",
            "ebit": "79722834",
            "ebitda": "-87324000",
            "netIncome": "101284245"
        },
        {
            "fiscalDateEnding": "2020-10-31",
            "reportedCurrency": "USD",
            "grossProfit": "7253000",
            "totalRevenue": "36503000",
            "costOfRevenue": "51788000",
            "costofGoodsAndServicesSold": "29112000",
            "operatingIncome": "-32590000",
            "sellingGeneralAndAdministrative": "20924000",
            "researchAndDevelopment": "18919000",
            "operatingExpenses": "39843000",
            "investmentIncomeNet": "18000",
            "netInterestIncome": "-815000",
            "interestIncome": "None",
            "interestExpense": "815000",
            "nonInterestIncome": "36365000",
            "otherNonOperatingIncome": "-85000",
            "depreciation": "2800000",
            "depreciationAndAmortization": "None",
            "incomeBeforeTax": "-40792000",
            "incomeTaxExpense": "98000",
            "interestAndDebtExpense": "815000",
            "netIncomeFromContinuingOperations": "-40890000",
            "comprehensiveIncomeNetOfTax": "-40912000",
            "ebit": "-32590000",
            "ebitda": "None",
            "netIncome": "-40890000"
        },
        {
            "fiscalDateEnding": "2020-09-30",
            "reportedCurrency": "USD",
            "grossProfit": "-792713",
            "totalRevenue": "36365000",
            "costOfRevenue": "792713",
            "costofGoodsAndServicesSold": "29112000",
            "operatingIncome": "-812713",
            "sellingGeneralAndAdministrative": "792713",
            "researchAndDevelopment": "18919000",
            "operatingExpenses": "792713",
            "investmentIncomeNet": "None",
            "netInterestIncome": "-797000",
            "interestIncome": "18000",
            "interestExpense": "815000",
            "nonInterestIncome": "None",
            "otherNonOperatingIncome": "None",
            "depreciation": "None",
            "depreciationAndAmortization": "2779000",
            "incomeBeforeTax": "-787652",
            "incomeTaxExpense": "5263",
            "interestAndDebtExpense": "None",
            "netIncomeFromContinuingOperations": "5000",
            "comprehensiveIncomeNetOfTax": "-782652",
            "ebit": "-812713",
            "ebitda": "-37198000",
            "netIncome": "-792915"
        },
        {
            "fiscalDateEnding": "2020-07-31",
            "reportedCurrency": "USD",
            "grossProfit": "9028000",
            "totalRevenue": "34957000",
            "costOfRevenue": "25929000",
            "costofGoodsAndServicesSold": "None",
            "operatingIncome": "-23530000",
            "sellingGeneralAndAdministrative": "15432000",
            "researchAndDevelopment": "17126000",
            "operatingExpenses": "32558000",
            "investmentIncomeNet": "37000",
            "netInterestIncome": "-793000",
            "interestIncome": "None",
            "interestExpense": "793000",
            "nonInterestIncome": "34957000",
            "otherNonOperatingIncome": "None",
            "depreciation": "2400000",
            "depreciationAndAmortization": "None",
            "incomeBeforeTax": "-35239000",
            "incomeTaxExpense": "48000",
            "interestAndDebtExpense": "793000",
            "netIncomeFromContinuingOperations": "-35287000",
            "comprehensiveIncomeNetOfTax": "-35218000",
            "ebit": "-34446000",
            "ebitda": "None",
            "netIncome": "-35287000"
        },
        {
            "fiscalDateEnding": "2020-06-30",
            "reportedCurrency": "USD",
            "grossProfit": "-176818",
            "totalRevenue": "34957000",
            "costOfRevenue": "176818",
            "costofGoodsAndServicesSold": "25929000",
            "operatingIncome": "-226818",
            "sellingGeneralAndAdministrative": "176818",
            "researchAndDevelopment": "17126000",
            "operatingExpenses": "176818",
            "investmentIncomeNet": "None",
            "netInterestIncome": "-756000",
            "interestIncome": "37000",
            "interestExpense": "793000",
            "nonInterestIncome": "None",
            "otherNonOperatingIncome": "None",
            "depreciation": "None",
            "depreciationAndAmortization": "2427000",
            "incomeBeforeTax": "-35239000",
            "incomeTaxExpense": "27285",
            "interestAndDebtExpense": "None",
            "netIncomeFromContinuingOperations": "-124174",
            "comprehensiveIncomeNetOfTax": "-124174",
            "ebit": "-34446000",
            "ebitda": "-32019000",
            "netIncome": "-124174"
        },
        {
            "fiscalDateEnding": "2020-03-31",
            "reportedCurrency": "USD",
            "grossProfit": "-272477",
            "totalRevenue": "32776000",
            "costOfRevenue": "272477",
            "costofGoodsAndServicesSold": "25012000",
            "operatingIncome": "-322477",
            "sellingGeneralAndAdministrative": "272477",
            "researchAndDevelopment": "18026000",
            "operatingExpenses": "272477",
            "investmentIncomeNet": "None",
            "netInterestIncome": "-592000",
            "interestIncome": "243000",
            "interestExpense": "835000",
            "nonInterestIncome": "None",
            "otherNonOperatingIncome": "None",
            "depreciation": "None",
            "depreciationAndAmortization": "2257000",
            "incomeBeforeTax": "-30041000",
            "incomeTaxExpense": "209710",
            "interestAndDebtExpense": "None",
            "netIncomeFromContinuingOperations": "466431",
            "comprehensiveIncomeNetOfTax": "272000",
            "ebit": "-29206000",
            "ebitda": "-26949000",
            "netIncome": "466431"
        },
        {
            "fiscalDateEnding": "2019-12-31",
            "reportedCurrency": "USD",
            "grossProfit": "-343444",
            "totalRevenue": "None",
            "costOfRevenue": "343444",
            "costofGoodsAndServicesSold": "None",
            "operatingIncome": "-353016",
            "sellingGeneralAndAdministrative": "343444",
            "researchAndDevelopment": "None",
            "operatingExpenses": "343444",
            "investmentIncomeNet": "None",
            "netInterestIncome": "None",
            "interestIncome": "None",
            "interestExpense": "None",
            "nonInterestIncome": "None",
            "otherNonOperatingIncome": "None",
            "depreciation": "None",
            "depreciationAndAmortization": "None",
            "incomeBeforeTax": "None",
            "incomeTaxExpense": "285479",
            "interestAndDebtExpense": "None",
            "netIncomeFromContinuingOperations": "641180",
            "comprehensiveIncomeNetOfTax": "641180",
            "ebit": "None",
            "ebitda": "None",
            "netIncome": "-637391"
        },
        {
            "fiscalDateEnding": "2019-09-30",
            "reportedCurrency": "USD",
            "grossProfit": "-535032",
            "totalRevenue": "None",
            "costOfRevenue": "535032",
            "costofGoodsAndServicesSold": "None",
            "operatingIncome": "-613388",
            "sellingGeneralAndAdministrative": "535032",
            "researchAndDevelopment": "None",
            "operatingExpenses": "535032",
            "investmentIncomeNet": "None",
            "netInterestIncome": "None",
            "interestIncome": "None",
            "interestExpense": "None",
            "nonInterestIncome": "None",
            "otherNonOperatingIncome": "None",
            "depreciation": "None",
            "depreciationAndAmortization": "None",
            "incomeBeforeTax": "388196",
            "incomeTaxExpense": "193585",
            "interestAndDebtExpense": "None",
            "netIncomeFromContinuingOperations": "194611",
            "comprehensiveIncomeNetOfTax": "194611",
            "ebit": "388196",
            "ebitda": "388196",
            "netIncome": "194611"
        },
        {
            "fiscalDateEnding": "2019-06-30",
            "reportedCurrency": "USD",
            "grossProfit": "-56219",
            "totalRevenue": "None",
            "costOfRevenue": "56219",
            "costofGoodsAndServicesSold": "None",
            "operatingIncome": "-56219",
            "sellingGeneralAndAdministrative": "56219",
            "researchAndDevelopment": "None",
            "operatingExpenses": "56219",
            "investmentIncomeNet": "None",
            "netInterestIncome": "None",
            "interestIncome": "None",
            "interestExpense": "None",
            "nonInterestIncome": "None",
            "otherNonOperatingIncome": "None",
            "depreciation": "None",
            "depreciationAndAmortization": "None",
            "incomeBeforeTax": "None",
            "incomeTaxExpense": "None",
            "interestAndDebtExpense": "None",
            "netIncomeFromContinuingOperations": "-112438",
            "comprehensiveIncomeNetOfTax": "-112438",
            "ebit": "None",
            "ebitda": "None",
            "netIncome": "-56219"
        }
    ]
}