{
    "symbol": "MMM",
    "annualReports": [
        {
            "fiscalDateEnding": "2022-12-31",
            "reportedCurrency": "USD",
            "grossProfit": "14997000000",
            "totalRevenue": "34229000000",
            "costOfRevenue": "19232000000",
            "costofGoodsAndServicesSold": "19232000000",
            "operatingIncome": "6539000000",
            "sellingGeneralAndAdministrative": "9049000000",
            "researchAndDevelopment": "1100000000",
            "operatingExpenses": "8209000000",
            "investmentIncomeNet": "None",
            "netInterestIncome": "-462000000",
            "interestIncome": "395000000",
            "interestExpense": "462000000",
            "nonInterestIncome": "37080000000",
            "otherNonOperatingIncome": "-136000000",
            "depreciation": "None",
            "depreciationAndAmortization": "513000000",
            "incomeBeforeTax": "6389000000",
            "incomeTaxExpense": "612000000",
            "interestAndDebtExpense": "462000000",
            "netIncomeFromContinuingOperations": "5780000000",
            "comprehensiveIncomeNetOfTax": "5854000000",
            "ebit": "6851000000",
            "ebitda": "7364000000",
            "netIncome": "5777000000"
        },
        {
            "fiscalDateEnding": "2021-12-31",
            "reportedCurrency": "USD",
            "grossProfit": "16560000000",
            "totalRevenue": "35355000000",
            "costOfRevenue": "18795000000",
            "costofGoodsAndServicesSold": "18795000000",
            "operatingIncome": "7369000000",
            "sellingGeneralAndAdministrative": "7197000000",
            "researchAndDevelopment": "1200000000",
            "operatingExpenses": "8984000000",
            "investmentIncomeNet": "None",
            "netInterestIncome": "-488000000",
            "interestIncome": "26000000",
            "interestExpense": "488000000",
            "nonInterestIncome": "35250000000",
            "otherNonOperatingIncome": "-155000000",
            "depreciation": "None",
            "depreciationAndAmortization": "544000000",
            "incomeBeforeTax": "7206000000",
            "incomeTaxExpense": "1285000000",
            "interestAndDebtExpense": "488000000",
            "netIncomeFromContinuingOperations": "5919000000",
            "comprehensiveIncomeNetOfTax": "6892000000",
            "ebit": "7694000000",
            "ebitda": "8238000000",
            "netIncome": "5921000000"
        },
        {
            "fiscalDateEnding": "2020-12-31",
            "reportedCurrency": "USD",
            "grossProfit": "15579000000",
            "totalRevenue": "32184000000",
            "costOfRevenue": "16605000000",
            "costofGoodsAndServicesSold": "16605000000",
            "operatingIncome": "7161000000",
            "sellingGeneralAndAdministrative": "6929000000",
            "researchAndDevelopment": "1100000000",
            "operatingExpenses": "8244000000",
            "investmentIncomeNet": "None",
            "netInterestIncome": "-529000000",
            "interestIncome": "29000000",
            "interestExpense": "529000000",
            "nonInterestIncome": "32552000000",
            "otherNonOperatingIncome": "-455000000",
            "depreciation": "None",
            "depreciationAndAmortization": "558000000",
            "incomeBeforeTax": "6786000000",
            "incomeTaxExpense": "1337000000",
            "interestAndDebtExpense": "529000000",
            "netIncomeFromContinuingOperations": "5393000000",
            "comprehensiveIncomeNetOfTax": "5862000000",
            "ebit": "7315000000",
            "ebitda": "7873000000",
            "netIncome": "5449000000"
        },
        {
            "fiscalDateEnding": "2019-12-31",
            "reportedCurrency": "USD",
            "grossProfit": "15000000000",
            "totalRevenue": "32136000000",
            "costOfRevenue": "17136000000",
            "costofGoodsAndServicesSold": "17136000000",
            "operatingIncome": "6174000000",
            "sellingGeneralAndAdministrative": "7029000000",
            "researchAndDevelopment": "1253000000",
            "operatingExpenses": "8609000000",
            "investmentIncomeNet": "None",
            "netInterestIncome": "-448000000",
            "interestIncome": "80000000",
            "interestExpense": "448000000",
            "nonInterestIncome": "32451000000",
            "otherNonOperatingIncome": "-462000000",
            "depreciation": "None",
            "depreciationAndAmortization": "361000000",
            "incomeBeforeTax": "5631000000",
            "incomeTaxExpense": "1114000000",
            "interestAndDebtExpense": "448000000",
            "netIncomeFromContinuingOperations": "4582000000",
            "comprehensiveIncomeNetOfTax": "4150000000",
            "ebit": "6079000000",
            "ebitda": "6440000000",
            "netIncome": "4517000000"
        },
        {
            "fiscalDateEnding": "2018-12-31",
            "reportedCurrency": "USD",
            "grossProfit": "16083000000",
            "totalRevenue": "32765000000",
            "costOfRevenue": "16682000000",
            "costofGoodsAndServicesSold": "16682000000",
            "operatingIncome": "7207000000",
            "sellingGeneralAndAdministrative": "7602000000",
            "researchAndDevelopment": "1253000000",
            "operatingExpenses": "8557000000",
            "investmentIncomeNet": "None",
            "netInterestIncome": "-350000000",
            "interestIncome": "70000000",
            "interestExpense": "350000000",
            "nonInterestIncome": "33220000000",
            "otherNonOperatingIncome": "-207000000",
            "depreciation": "None",
            "depreciationAndAmortization": "249000000",
            "incomeBeforeTax": "6986000000",
            "incomeTaxExpense": "1637000000",
            "interestAndDebtExpense": "350000000",
            "netIncomeFromContinuingOperations": "5363000000",
            "comprehensiveIncomeNetOfTax": "5508000000",
            "ebit": "7336000000",
            "ebitda": "7585000000",
            "netIncome": "5349000000"
        }
    ],
    "quarterlyReports": [
        {
            "fiscalDateEnding": "2022-12-31",
            "reportedCurrency": "USD",
            "grossProfit": "3494000000",
            "totalRevenue": "8079000000",
            "costOfRevenue": "4585000000",
            "costofGoodsAndServicesSold": "4585000000",
            "operatingIncome": "632000000",
            "sellingGeneralAndAdministrative": "2146000000",
            "researchAndDevelopment": "445000000",
            "operatingExpenses": "3646000000",
            "investmentIncomeNet": "None",
            "netInterestIncome": "-115000000",
            "interestIncome": "84000000",
            "interestExpense": "115000000",
            "nonInterestIncome": "34286000000",
            "otherNonOperatingIncome": "-27000000",
            "depreciation": "None",
            "depreciationAndAmortization": "129000000",
            "incomeBeforeTax": "603000000",
            "incomeTaxExpense": "62000000",
            "interestAndDebtExpense": "115000000",
            "netIncomeFromContinuingOperations": "535000000",
            "comprehensiveIncomeNetOfTax": "1853000000",
            "ebit": "718000000",
            "ebitda": "847000000",
            "netIncome": "541000000"
        },
        {
            "fiscalDateEnding": "2022-09-30",
            "reportedCurrency": "USD",
            "grossProfit": "3891000000",
            "totalRevenue": "8619000000",
            "costOfRevenue": "4728000000",
            "costofGoodsAndServicesSold": "4728000000",
            "operatingIncome": "4156000000",
            "sellingGeneralAndAdministrative": "1998000000",
            "researchAndDevelopment": "461000000",
            "operatingExpenses": "-602000000",
            "investmentIncomeNet": "None",
            "netInterestIncome": "-106000000",
            "interestIncome": "17000000",
            "interestExpense": "106000000",
            "nonInterestIncome": "2767000000",
            "otherNonOperatingIncome": "-22000000",
            "depreciation": "None",
            "depreciationAndAmortization": "124000000",
            "incomeBeforeTax": "4130000000",
            "incomeTaxExpense": "271000000",
            "interestAndDebtExpense": "106000000",
            "netIncomeFromContinuingOperations": "3861000000",
            "comprehensiveIncomeNetOfTax": "3236000000",
            "ebit": "4236000000",
            "ebitda": "4360000000",
            "netIncome": "3859000000"
        },
        {
            "fiscalDateEnding": "2022-06-30",
            "reportedCurrency": "USD",
            "grossProfit": "3609000000",
            "totalRevenue": "8702000000",
            "costOfRevenue": "5093000000",
            "costofGoodsAndServicesSold": "5093000000",
            "operatingIncome": "110000000",
            "sellingGeneralAndAdministrative": "3023000000",
            "researchAndDevelopment": "476000000",
            "operatingExpenses": "3152000000",
            "investmentIncomeNet": "None",
            "netInterestIncome": "-128000000",
            "interestIncome": "11000000",
            "interestExpense": "128000000",
            "nonInterestIncome": "10000000",
            "otherNonOperatingIncome": "-51000000",
            "depreciation": "None",
            "depreciationAndAmortization": "129000000",
            "incomeBeforeTax": "55000000",
            "incomeTaxExpense": "-23000000",
            "interestAndDebtExpense": "128000000",
            "netIncomeFromContinuingOperations": "83000000",
            "comprehensiveIncomeNetOfTax": "-450000000",
            "ebit": "183000000",
            "ebitda": "312000000",
            "netIncome": "78000000"
        },
        {
            "fiscalDateEnding": "2022-03-31",
            "reportedCurrency": "USD",
            "grossProfit": "4003000000",
            "totalRevenue": "8829000000",
            "costOfRevenue": "4826000000",
            "costofGoodsAndServicesSold": "4826000000",
            "operatingIncome": "1641000000",
            "sellingGeneralAndAdministrative": "1882000000",
            "researchAndDevelopment": "480000000",
            "operatingExpenses": "2031000000",
            "investmentIncomeNet": "None",
            "netInterestIncome": "-113000000",
            "interestIncome": "8000000",
            "interestExpense": "113000000",
            "nonInterestIncome": "17000000",
            "otherNonOperatingIncome": "-36000000",
            "depreciation": "None",
            "depreciationAndAmortization": "131000000",
            "incomeBeforeTax": "1601000000",
            "incomeTaxExpense": "302000000",
            "interestAndDebtExpense": "113000000",
            "netIncomeFromContinuingOperations": "1301000000",
            "comprehensiveIncomeNetOfTax": "1215000000",
            "ebit": "1714000000",
            "ebitda": "1845000000",
            "netIncome": "1299000000"
        },
        {
            "fiscalDateEnding": "2021-12-31",
            "reportedCurrency": "USD",
            "grossProfit": "3914000000",
            "totalRevenue": "8612000000",
            "costOfRevenue": "4698000000",
            "costofGoodsAndServicesSold": "4698000000",
            "operatingIncome": "1616000000",
            "sellingGeneralAndAdministrative": "1824000000",
            "researchAndDevelopment": "474000000",
            "operatingExpenses": "3213000000",
            "investmentIncomeNet": "None",
            "netInterestIncome": "-118000000",
            "interestIncome": "8000000",
            "interestExpense": "118000000",
            "nonInterestIncome": "35344000000",
            "otherNonOperatingIncome": "-49000000",
            "depreciation": "None",
            "depreciationAndAmortization": "146000000",
            "incomeBeforeTax": "1566000000",
            "incomeTaxExpense": "227000000",
            "interestAndDebtExpense": "118000000",
            "netIncomeFromContinuingOperations": "1337000000",
            "comprehensiveIncomeNetOfTax": "2209000000",
            "ebit": "1684000000",
            "ebitda": "1830000000",
            "netIncome": "1339000000"
        },
        {
            "fiscalDateEnding": "2021-09-30",
            "reportedCurrency": "USD",
            "grossProfit": "4089000000",
            "totalRevenue": "8942000000",
            "costOfRevenue": "4853000000",
            "costofGoodsAndServicesSold": "4853000000",
            "operatingIncome": "1788000000",
            "sellingGeneralAndAdministrative": "1819000000",
            "researchAndDevelopment": "482000000",
            "operatingExpenses": "1950000000",
            "investmentIncomeNet": "None",
            "netInterestIncome": "-117000000",
            "interestIncome": "111000000",
            "interestExpense": "117000000",
            "nonInterestIncome": "-36000000",
            "otherNonOperatingIncome": "-27000000",
            "depreciation": "None",
            "depreciationAndAmortization": "131000000",
            "incomeBeforeTax": "1758000000",
            "incomeTaxExpense": "324000000",
            "interestAndDebtExpense": "117000000",
            "netIncomeFromContinuingOperations": "1433000000",
            "comprehensiveIncomeNetOfTax": "1300000000",
            "ebit": "1875000000",
            "ebitda": "2006000000",
            "netIncome": "1434000000"
        },
        {
            "fiscalDateEnding": "2021-06-30",
            "reportedCurrency": "USD",
            "grossProfit": "4231000000",
            "totalRevenue": "8950000000",
            "costOfRevenue": "4719000000",
            "costofGoodsAndServicesSold": "4719000000",
            "operatingIncome": "1971000000",
            "sellingGeneralAndAdministrative": "1746000000",
            "researchAndDevelopment": "514000000",
            "operatingExpenses": "1880000000",
            "investmentIncomeNet": "None",
            "netInterestIncome": "-121000000",
            "interestIncome": "113000000",
            "interestExpense": "121000000",
            "nonInterestIncome": "8902000000",
            "otherNonOperatingIncome": "-31000000",
            "depreciation": "None",
            "depreciationAndAmortization": "134000000",
            "incomeBeforeTax": "1939000000",
            "incomeTaxExpense": "415000000",
            "interestAndDebtExpense": "121000000",
            "netIncomeFromContinuingOperations": "1523000000",
            "comprehensiveIncomeNetOfTax": "1805000000",
            "ebit": "2060000000",
            "ebitda": "2194000000",
            "netIncome": "1524000000"
        },
        {
            "fiscalDateEnding": "2021-03-31",
            "reportedCurrency": "USD",
            "grossProfit": "4326000000",
            "totalRevenue": "8851000000",
            "costOfRevenue": "4525000000",
            "costofGoodsAndServicesSold": "4525000000",
            "operatingIncome": "1994000000",
            "sellingGeneralAndAdministrative": "1808000000",
            "researchAndDevelopment": "524000000",
            "operatingExpenses": "1941000000",
            "investmentIncomeNet": "None",
            "netInterestIncome": "-132000000",
            "interestIncome": "4000000",
            "interestExpense": "132000000",
            "nonInterestIncome": "8841000000",
            "otherNonOperatingIncome": "-48000000",
            "depreciation": "None",
            "depreciationAndAmortization": "133000000",
            "incomeBeforeTax": "1943000000",
            "incomeTaxExpense": "319000000",
            "interestAndDebtExpense": "132000000",
            "netIncomeFromContinuingOperations": "1626000000",
            "comprehensiveIncomeNetOfTax": "1578000000",
            "ebit": "2075000000",
            "ebitda": "2208000000",
            "netIncome": "1624000000"
        },
        {
            "fiscalDateEnding": "2020-12-31",
            "reportedCurrency": "USD",
            "grossProfit": "4195000000",
            "totalRevenue": "8583000000",
            "costOfRevenue": "4388000000",
            "costofGoodsAndServicesSold": "4388000000",
            "operatingIncome": "1849000000",
            "sellingGeneralAndAdministrative": "1890000000",
            "researchAndDevelopment": "456000000",
            "operatingExpenses": "3189000000",
            "investmentIncomeNet": "None",
            "netInterestIncome": "-141000000",
            "interestIncome": "5000000",
            "interestExpense": "141000000",
            "nonInterestIncome": "8573000000",
            "otherNonOperatingIncome": "-143000000",
            "depreciation": "None",
            "depreciationAndAmortization": "153000000",
            "incomeBeforeTax": "1710000000",
            "incomeTaxExpense": "321000000",
            "interestAndDebtExpense": "10000000",
            "netIncomeFromContinuingOperations": "4185000000",
            "comprehensiveIncomeNetOfTax": "1672000000",
            "ebit": "1851000000",
            "ebitda": "2004000000",
            "netIncome": "1389000000"
        },
        {
            "fiscalDateEnding": "2020-09-30",
            "reportedCurrency": "USD",
            "grossProfit": "4047000000",
            "totalRevenue": "8350000000",
            "costOfRevenue": "4303000000",
            "costofGoodsAndServicesSold": "4303000000",
            "operatingIncome": "1909000000",
            "sellingGeneralAndAdministrative": "1677000000",
            "researchAndDevelopment": "461000000",
            "operatingExpenses": "1814000000",
            "investmentIncomeNet": "None",
            "netInterestIncome": "-128000000",
            "interestIncome": "123000000",
            "interestExpense": "128000000",
            "nonInterestIncome": "8335000000",
            "otherNonOperatingIncome": "-105000000",
            "depreciation": "None",
            "depreciationAndAmortization": "137000000",
            "incomeBeforeTax": "1821000000",
            "incomeTaxExpense": "391000000",
            "interestAndDebtExpense": "128000000",
            "netIncomeFromContinuingOperations": "1418000000",
            "comprehensiveIncomeNetOfTax": "1745000000",
            "ebit": "1949000000",
            "ebitda": "2086000000",
            "netIncome": "1430000000"
        },
        {
            "fiscalDateEnding": "2020-06-30",
            "reportedCurrency": "USD",
            "grossProfit": "3371000000",
            "totalRevenue": "7176000000",
            "costOfRevenue": "3805000000",
            "costofGoodsAndServicesSold": "3805000000",
            "operatingIncome": "1740000000",
            "sellingGeneralAndAdministrative": "1594000000",
            "researchAndDevelopment": "424000000",
            "operatingExpenses": "1341000000",
            "investmentIncomeNet": "None",
            "netInterestIncome": "-137000000",
            "interestIncome": "9000000",
            "interestExpense": "137000000",
            "nonInterestIncome": "7575000000",
            "otherNonOperatingIncome": "-111000000",
            "depreciation": "None",
            "depreciationAndAmortization": "134000000",
            "incomeBeforeTax": "1653000000",
            "incomeTaxExpense": "347000000",
            "interestAndDebtExpense": "137000000",
            "netIncomeFromContinuingOperations": "1287000000",
            "comprehensiveIncomeNetOfTax": "1423000000",
            "ebit": "1790000000",
            "ebitda": "1924000000",
            "netIncome": "1306000000"
        },
        {
            "fiscalDateEnding": "2020-03-31",
            "reportedCurrency": "USD",
            "grossProfit": "3966000000",
            "totalRevenue": "8075000000",
            "costOfRevenue": "4109000000",
            "costofGoodsAndServicesSold": "4109000000",
            "operatingIncome": "1663000000",
            "sellingGeneralAndAdministrative": "1768000000",
            "researchAndDevelopment": "537000000",
            "operatingExpenses": "1900000000",
            "investmentIncomeNet": "None",
            "netInterestIncome": "-123000000",
            "interestIncome": "10000000",
            "interestExpense": "123000000",
            "nonInterestIncome": "8076000000",
            "otherNonOperatingIncome": "-96000000",
            "depreciation": "None",
            "depreciationAndAmortization": "134000000",
            "incomeBeforeTax": "1586000000",
            "incomeTaxExpense": "278000000",
            "interestAndDebtExpense": "123000000",
            "netIncomeFromContinuingOperations": "1294000000",
            "comprehensiveIncomeNetOfTax": "1022000000",
            "ebit": "1709000000",
            "ebitda": "1843000000",
            "netIncome": "1308000000"
        },
        {
            "fiscalDateEnding": "2019-12-31",
            "reportedCurrency": "USD",
            "grossProfit": "3786000000",
            "totalRevenue": "8111000000",
            "costOfRevenue": "4325000000",
            "costofGoodsAndServicesSold": "4325000000",
            "operatingIncome": "1325000000",
            "sellingGeneralAndAdministrative": "1940000000",
            "researchAndDevelopment": "521000000",
            "operatingExpenses": "3470000000",
            "investmentIncomeNet": "None",
            "netInterestIncome": "-124000000",
            "interestIncome": "16000000",
            "interestExpense": "124000000",
            "nonInterestIncome": "8111000000",
            "otherNonOperatingIncome": "-369000000",
            "depreciation": "None",
            "depreciationAndAmortization": "138000000",
            "incomeBeforeTax": "1195000000",
            "incomeTaxExpense": "226000000",
            "interestAndDebtExpense": "124000000",
            "netIncomeFromContinuingOperations": "3786000000",
            "comprehensiveIncomeNetOfTax": "218000000",
            "ebit": "1319000000",
            "ebitda": "1457000000",
            "netIncome": "969000000"
        },
        {
            "fiscalDateEnding": "2019-09-30",
            "reportedCurrency": "USD",
            "grossProfit": "3803000000",
            "totalRevenue": "7991000000",
            "costOfRevenue": "4188000000",
            "costofGoodsAndServicesSold": "4188000000",
            "operatingIncome": "2011000000",
            "sellingGeneralAndAdministrative": "1455000000",
            "researchAndDevelopment": "443000000",
            "operatingExpenses": "1364000000",
            "investmentIncomeNet": "None",
            "netInterestIncome": "-109000000",
            "interestIncome": "26000000",
            "interestExpense": "109000000",
            "nonInterestIncome": "8166000000",
            "otherNonOperatingIncome": "-45000000",
            "depreciation": "None",
            "depreciationAndAmortization": "74000000",
            "incomeBeforeTax": "1961000000",
            "incomeTaxExpense": "378000000",
            "interestAndDebtExpense": "109000000",
            "netIncomeFromContinuingOperations": "1588000000",
            "comprehensiveIncomeNetOfTax": "1467000000",
            "ebit": "2070000000",
            "ebitda": "2144000000",
            "netIncome": "1583000000"
        },
        {
            "fiscalDateEnding": "2019-06-30",
            "reportedCurrency": "USD",
            "grossProfit": "3858000000",
            "totalRevenue": "8171000000",
            "costOfRevenue": "4313000000",
            "costofGoodsAndServicesSold": "4313000000",
            "operatingIncome": "1702000000",
            "sellingGeneralAndAdministrative": "1686000000",
            "researchAndDevelopment": "470000000",
            "operatingExpenses": "1762000000",
            "investmentIncomeNet": "None",
            "netInterestIncome": "-111000000",
            "interestIncome": "18000000",
            "interestExpense": "111000000",
            "nonInterestIncome": "8226000000",
            "otherNonOperatingIncome": "None",
            "depreciation": "None",
            "depreciationAndAmortization": "76000000",
            "incomeBeforeTax": "1442000000",
            "incomeTaxExpense": "315000000",
            "interestAndDebtExpense": "111000000",
            "netIncomeFromContinuingOperations": "1131000000",
            "comprehensiveIncomeNetOfTax": "1407000000",
            "ebit": "1553000000",
            "ebitda": "1629000000",
            "netIncome": "1127000000"
        },
        {
            "fiscalDateEnding": "2019-03-31",
            "reportedCurrency": "USD",
            "grossProfit": "3553000000",
            "totalRevenue": "7863000000",
            "costOfRevenue": "4310000000",
            "costofGoodsAndServicesSold": "4310000000",
            "operatingIncome": "1136000000",
            "sellingGeneralAndAdministrative": "1948000000",
            "researchAndDevelopment": "477000000",
            "operatingExpenses": "2009000000",
            "investmentIncomeNet": "None",
            "netInterestIncome": "-104000000",
            "interestIncome": "20000000",
            "interestExpense": "104000000",
            "nonInterestIncome": "7961000000",
            "otherNonOperatingIncome": "-48000000",
            "depreciation": "None",
            "depreciationAndAmortization": "69000000",
            "incomeBeforeTax": "1086000000",
            "incomeTaxExpense": "195000000",
            "interestAndDebtExpense": "104000000",
            "netIncomeFromContinuingOperations": "893000000",
            "comprehensiveIncomeNetOfTax": "1058000000",
            "ebit": "1190000000",
            "ebitda": "1259000000",
            "netIncome": "891000000"
        },
        {
            "fiscalDateEnding": "2018-12-31",
            "reportedCurrency": "USD",
            "grossProfit": "3885000000",
            "totalRevenue": "7945000000",
            "costOfRevenue": "4060000000",
            "costofGoodsAndServicesSold": "4060000000",
            "operatingIncome": "1783000000",
            "sellingGeneralAndAdministrative": "1682000000",
            "researchAndDevelopment": "437000000",
            "operatingExpenses": "2979000000",
            "investmentIncomeNet": "None",
            "netInterestIncome": "-95000000",
            "interestIncome": "None",
            "interestExpense": "95000000",
            "nonInterestIncome": "7945000000",
            "otherNonOperatingIncome": "-63000000",
            "depreciation": "None",
            "depreciationAndAmortization": "61000000",
            "incomeBeforeTax": "1718000000",
            "incomeTaxExpense": "371000000",
            "interestAndDebtExpense": "95000000",
            "netIncomeFromContinuingOperations": "3885000000",
            "comprehensiveIncomeNetOfTax": "1448000000",
            "ebit": "1813000000",
            "ebitda": "1874000000",
            "netIncome": "1347000000"
        },
        {
            "fiscalDateEnding": "2018-09-30",
            "reportedCurrency": "USD",
            "grossProfit": "3993000000",
            "totalRevenue": "8152000000",
            "costOfRevenue": "4159000000",
            "costofGoodsAndServicesSold": "4159000000",
            "operatingIncome": "2016000000",
            "sellingGeneralAndAdministrative": "1547000000",
            "researchAndDevelopment": "430000000",
            "operatingExpenses": "1608000000",
            "investmentIncomeNet": "None",
            "netInterestIncome": "-85000000",
            "interestIncome": "None",
            "interestExpense": "85000000",
            "nonInterestIncome": "8128000000",
            "otherNonOperatingIncome": "-51000000",
            "depreciation": "None",
            "depreciationAndAmortization": "61000000",
            "incomeBeforeTax": "1962000000",
            "incomeTaxExpense": "419000000",
            "interestAndDebtExpense": "85000000",
            "netIncomeFromContinuingOperations": "1546000000",
            "comprehensiveIncomeNetOfTax": "1594000000",
            "ebit": "2047000000",
            "ebitda": "2108000000",
            "netIncome": "1543000000"
        },
        {
            "fiscalDateEnding": "2018-06-30",
            "reportedCurrency": "USD",
            "grossProfit": "4163000000",
            "totalRevenue": "8390000000",
            "costOfRevenue": "4227000000",
            "costofGoodsAndServicesSold": "4227000000",
            "operatingIncome": "2401000000",
            "sellingGeneralAndAdministrative": "1800000000",
            "researchAndDevelopment": "468000000",
            "operatingExpenses": "1357000000",
            "investmentIncomeNet": "None",
            "netInterestIncome": "-88000000",
            "interestIncome": "None",
            "interestExpense": "88000000",
            "nonInterestIncome": "8869000000",
            "otherNonOperatingIncome": "-51000000",
            "depreciation": "None",
            "depreciationAndAmortization": "63000000",
            "incomeBeforeTax": "2345000000",
            "incomeTaxExpense": "488000000",
            "interestAndDebtExpense": "88000000",
            "netIncomeFromContinuingOperations": "1862000000",
            "comprehensiveIncomeNetOfTax": "1641000000",
            "ebit": "2433000000",
            "ebitda": "2496000000",
            "netIncome": "1857000000"
        },
        {
            "fiscalDateEnding": "2018-03-31",
            "reportedCurrency": "USD",
            "grossProfit": "4042000000",
            "totalRevenue": "8278000000",
            "costOfRevenue": "4236000000",
            "costofGoodsAndServicesSold": "4236000000",
            "operatingIncome": "1007000000",
            "sellingGeneralAndAdministrative": "2573000000",
            "researchAndDevelopment": "486000000",
            "operatingExpenses": "2613000000",
            "investmentIncomeNet": "None",
            "netInterestIncome": "-82000000",
            "interestIncome": "None",
            "interestExpense": "82000000",
            "nonInterestIncome": "8238000000",
            "otherNonOperatingIncome": "-42000000",
            "depreciation": "None",
            "depreciationAndAmortization": "64000000",
            "incomeBeforeTax": "961000000",
            "incomeTaxExpense": "359000000",
            "interestAndDebtExpense": "82000000",
            "netIncomeFromContinuingOperations": "606000000",
            "comprehensiveIncomeNetOfTax": "825000000",
            "ebit": "1043000000",
            "ebitda": "1107000000",
            "netIncome": "602000000"
        }
    ]
}